<record><leader>00000cas a22000007a 4500</leader><controlfield tag="001">10649110</controlfield><controlfield tag="008">840420c198u9999caumr ne      0   a0eng d</controlfield><datafield ind1=" " ind2=" " tag="010"><subfield code="a">sn 84007743 </subfield></datafield><datafield ind1=" " ind2=" " tag="040"><subfield code="a">NSD</subfield><subfield code="b">eng</subfield><subfield code="c">NSD</subfield><subfield code="d">OCLCQ</subfield></datafield><datafield ind1=" " ind2=" " tag="012"><subfield code="m">1</subfield></datafield><datafield ind1="1" ind2=" " tag="022"><subfield code="a">0747-2285</subfield><subfield code="l">0747-2285</subfield><subfield code="2">1</subfield></datafield><datafield ind1=" " ind2=" " tag="032"><subfield code="a">716770</subfield><subfield code="b">USPS</subfield></datafield><datafield ind1=" " ind2=" " tag="037"><subfield code="b">Senior Publications, 515 North Hunter St., Stockton, CA 95202</subfield></datafield><datafield ind1=" " ind2=" " tag="042"><subfield code="a">nsdp</subfield></datafield><datafield ind1="0" ind2=" " tag="130"><subfield code="a">Senior citizen monthly (Stockton, Calif.)</subfield></datafield><datafield ind1=" " ind2="0" tag="222"><subfield code="a">Senior citizen monthly</subfield><subfield code="b">(Stockton, Calif.)</subfield></datafield><datafield ind1="1" ind2="0" tag="245"><subfield code="a">Senior citizen monthly.</subfield></datafield><datafield ind1="3" ind2="0" tag="246"><subfield code="a">Senior citizen</subfield></datafield><datafield ind1=" " ind2=" " tag="260"><subfield code="a">Stockton, Ca. :</subfield><subfield code="b">Senior Publications</subfield></datafield><datafield ind1=" " ind2=" " tag="310"><subfield code="a">Monthly</subfield></datafield><datafield ind1=" " ind2=" " tag="588"><subfield code="a">Description based on: Vol. 3, no. 3 (Mar. 1984).</subfield></datafield><datafield ind1=" " ind2=" " tag="752"><subfield code="a">United States</subfield><subfield code="b">California</subfield><subfield code="c">San Joaquin</subfield><subfield code="d">Stockton.</subfield></datafield><datafield ind1=" " ind2=" " tag="936"><subfield code="a">Mar. 1984</subfield></datafield><datafield ind1="1" ind2=" " tag="029"><subfield code="a">AU@</subfield><subfield code="b">000025814396</subfield></datafield></record>